@inproceedings{ paul,
  author    = {Paul Hudak},
  publisher = {Yale University Department of Computer Science},
  title     = {The Haskell School of Music},
  publisher = {{ACM}},
  year      = {2011},
}

@manual{tidal,
      title  = {TidalCycles},
      note    = "\url{https://tidalcycles.org/index.php/Welcome}",
    }